% ARTICLES
@article{anderson1987,
	title={The resonating valence bond state in La2CuO4 and superconductivity},
	author={Anderson, Philip W},
	journal={science},
	volume={235},
	number={4793},
	pages={1196--1198},
	year={1987},
	publisher={American Association for the Advancement of Science}
}

@article{arndt1999,
	author		= "Arndt, Markus and Nairz, Olaf and Vos-Andreae, Julian and Keller, Claudia and van der Zouw, Gerbrand and Zeilinger, Anton",
	title		= "{Wave-particle} duality of {C}60 molecules",
	year		= "1999",
	journal		= "Nature",
	volume		= "401",
	number		= "",
	pages		= "680--682"
}
@article{bardeen1957,
	title		= {Theory of superconductivity},
	author		= {Bardeen, John and Cooper, Leon N and Schrieffer, J Robert},
	journal		= {Physical Review},
	volume		= {108},
	number		= {5},
	pages		= {1175},
	year		= {1957},
	publisher	= {APS}
	}
@article{belzig1999,
	title		={Quasiclassical Green?s function approach to mesoscopic superconductivity},
	author		={Belzig, Wolfgang and Wilhelm, Frank K and Bruder, Christoph and Sch{\"o}n, Gerd and Zaikin, Andrei D},
	journal		={Superlattices and microstructures},
	volume		={25},
	number		={5},
	pages		={1251--1288},
	year		={1999},
	publisher	={Elsevier}
}
@article{bethe1931,
year={1931},
issn={0044-3328},
journal={Zeitschrift für Physik},
volume={71},
number={3-4},
doi={10.1007/BF01341708},
title={Zur Theorie der Metalle},
url={http://dx.doi.org/10.1007/BF01341708},
publisher={Springer-Verlag},
author={Bethe, H.},
pages={205-226},
language={German}
}
@article{blakemore2007,
	author		= {Nutt, David and King, Leslie A and Saulsbury, William and Blakemore, Colin},
	title		= "Development of a rational scale to assess the harm of drugs of potential misuse",
	year		= "2007",
	journal		= {The Lancet},
	volume		= {369},
	DOI			= {10.1016/S0140-6736(07)60464-4},
	url			= {http://proxy.baremetal.com/cannabiscoalition.ca/info/Nutt_Rational_Scale_Drug_Harms_Lancet_2007.pdf}
}
@article{chakravarty1989,
  title = {Two-dimensional quantum Heisenberg antiferromagnet at low temperatures},
  author = {Chakravarty, Sudip and Halperin, Bertrand I. and Nelson, David R.},
  journal = {Phys. Rev. B},
  volume = {39},
  issue = {4},
  pages = {2344--2371},
  numpages = {0},
  year = {1989},
  month = {Feb},
  publisher = {American Physical Society},
  doi = {10.1103/PhysRevB.39.2344},
  url = {http://link.aps.org/doi/10.1103/PhysRevB.39.2344}
}
@article{chester1962,
	title		= {Thermodynamics of a Superconducting Energy Converter}, DOI			= {10.1063/1.1702481},
	journal		= {Journal of Applied Physics},
	author		= {Chester, Marvin},
	year		= {1962}
}
@article{chubukov1993,
  title = {Universal magnetic properties of ${\mathrm{La}}_{2\mathrm{-}\mathrm{\ensuremath{\delta}}}$${\mathrm{Sr}}_{\mathrm{\ensuremath{\delta}}}$${\mathrm{CuO}}_{4}$ at intermediate temperatures},
  author = {Chubukov, Andrey V. and Sachdev, Subir},
  journal = {Phys. Rev. Lett.},
  volume = {71},
  issue = {1},
  pages = {169--172},
  numpages = {0},
  year = {1993},
  month = {Jul},
  publisher = {American Physical Society},
  doi = {10.1103/PhysRevLett.71.169},
  url = {http://link.aps.org/doi/10.1103/PhysRevLett.71.169}
}
@article{dolecek1954a,
	title		= {Latent Heat of Transition of Superconducting Lead},
	author		= {Dolecek, RL},
	journal		= {Physical Review},
	volume		= {94},
	number		= {3},
	pages		= {540},
	year		= {1954},
	publisher	= {APS}
}
@article{dolecek1954b,
	title		= {Adiabatic magnetization of a superconducting sphere},
	author		= {Dolecek, RL},
	journal		= {Physical Review},
	volume		= {96},
	number		= {1},
	pages		= {25},
	year		= {1954},
	publisher	= {APS}
}
@article{gorter1934,
	title		= {On supraconductivity {I}},
	author		= {Gorter, C J and Casimir, H},
	journal		= {Physica},
	volume		= {1},
	number		= {1},
	pages		= {306--320},
	year		= {1934},
	doi			= {10.1016/S0031-8914(34)90037-9},
	publisher	= {Elsevier}
}
@article{hammer2007,
	title		= {Density of states and supercurrent in diffusive SNS junctions: Roles of nonideal interfaces and spin-flip scattering},
	author		= {Hammer, JC and Cuevas, Juan Carlos and Bergeret, FS and Belzig, Wolfgang},
	journal		= {Physical Review B},
	volume		= {76},
	number		= {6},
	pages		= {064514},
	year		= {2007},
	publisher	= {APS}
}
@article{holberg1998,
	author		= {Holberg, J. and Barstow, M. and Bruhweiler, F. and Cruise, A. and Penny, A.},
	title		= {Sirius B: A New, More Accurate View},
	year		= {1998},
	journal		= {Astrophysical Journal},
  	doi			= {10.1086/305489},
  	url 		= {http://dx.doi.org/10.1086/305489}
}
@article{keefe2002,
	title		= {Coherent Magneto-Caloric Effect Heat Engine Process Cycle},
	volume		= {643},
	issn		= {{0094243X}},
	lccn		= {8505157},
	number		= {1},
	journal		= {{AIP} Conference Proceedings},
	author		= {Keefe, Peter D.},
	year		= {2002},
	pages		= {213--218},
}
@article{keefe2003,
	title		= {Coherent magneto-caloric effect superconductive heat engine process cycle},
	DOI			= {10.1080/09500340308233575},
	journal		= {Journal of Modern Optics},
	author		= {Keefe, Peter D},
	year		= {2003}
}
@article{keefe2004,
	title		= {Second law implications of a magnetocaloric effect adiabatic phase transition of type I superconductor particles},
	DOI			= {10.1080/09500340408231831},
	journal		= {Journal of Modern Optics},
	author		= {Keefe, Peter D},
	year		= {2004}
}
@article{keefe2005,
	title		= {Quantum limit to the second law by magneto-caloric effect, adiabatic phase transition of mesoscopic-size Type I superconductor particles},
	DOI			= {10.1016/j.physe.2005.05.007},
	journal		= {Physica E-low-dimensional Systems {\&} Nanostructures},
	author		= {Keefe, Peter D},
	year		= {2005}
}
@article{keefe2010,
	title		= {The second law of thermodynamics and quantum heat engines: Is the law strictly enforced?},
	DOI			= {10.1016/j.physe.2009.06.033},
	journal		= {Physica E-low-dimensional Systems {\&} Nanostructures},
	author		= {Keefe, Peter D},
	year		= {2010}
}
@article{keefe2012,
	title		= {Quantum mechanics and the second law of thermodynamics: an insight gleaned from magnetic hysteresis in the first order phase transition of an isolated mesoscopic-size type I superconductor},
	author		= {Keefe, Peter D},
	journal		= {Physica Scripta},
	volume		= {2012},
	number		= {T151},
	pages		= {014029--014035},
	year		= {2012},
	publisher	= {IOP Publishing}
}
@article{keesom1932,
	title		= {Leiden Comm. 219b},
	author		= {Keesom, WH and van den Ende, JN},
	journal		= {Proc. Koninkl. Akad. Amsterdam},
	volume		= {35},
	pages		= {143},
	year		= {1932}
}
@article{lieb1968,
	title={Absence of Mott transition in an exact solution of the short-range, one-band model in one dimension},
	author={Lieb, Elliott H and Wu, FY},
	journal={Physical Review Letters},
	volume={20},
	number={25},
	pages={1445},
	year={1968},
	publisher={APS}
}

@article{lucia2010,
	title		= {Exergy analysis of magnetic refrigeration},
	author		= {Lucia, Umberto},
	journal		= {arXiv preprint arXiv:1011.1684},
	title		= {Exergy analysis of magnetic refrigeration},
	year		= {2010},
	url			= {arXiv:1011.1684}
}
@article{meissner1933,
	title		= {Ein neuer Effekt bei Eintritt der Supraleitfähigkeit}, DOI			= {10.1007/BF01504252},
	journal		= {Naturwissenschaften},
	author		= {Meissner, W. and Ochsenfeld, R.},
	year		= {1933}
}
@article{nieuwenhuizen2011,
	author		= "Theo M. Nieuwenhuizen",
	title		= "Is the Contextuality Loophole Fatal for the Derivation of Bell Inequalities?",
	year		= "2011",
	journal		= "Foundations of Physics",
	volume		= "41",
	number		= "",
	pages		= "580--591"
}
@article{onsager1943,
  title = {Crystal Statistics. I. A Two-Dimensional Model with an Order-Disorder Transition},
  author = {Onsager, Lars},
  journal = {Phys. Rev.},
  volume = {65},
  issue = {3-4},
  pages = {117--149},
  numpages = {0},
  year = {1944},
  month = {Feb},
  publisher = {American Physical Society},
  doi = {10.1103/PhysRev.65.117},
  url = {http://link.aps.org/doi/10.1103/PhysRev.65.117}
}
@article{pippard1952,
	title		= {{XXI.} Magnetic hysteresis in superconducting colloids},
	DOI			= {10.1080/14786440308520157},
	journal		= {Philosophical Magazine Series 6},
	author		= {Pippard, A.},
	year		= {1952},
	pages		= {273--284}
}
@article{pippard1953,
	title		= {The coherence concept in superconductivity},
	author		= {Pippard, AB},
	journal		= {Physica},
	volume		= {19},
	pages		= {765--774},
	year		= {1953}
}
@article{sandvik1996,
	title={Phase separation and the existence of superconductivity in a one-dimensional copper-oxygen model},
	author={Sandvik, AW and Sudb{\o}, A},
	journal={Physical Review B},
	volume={54},
	number={6},
	pages={R3746},
	year={1996},
	publisher={APS}
}
@article{sudbo1993,
	title={Flux quantization and pairing in one-dimensional copper-oxide models},
	author={Sudb{\o}, A and Varma, Chandra M and Giamarchi, T and Stechel, EB and Scalettar, RT},
	journal={Physical review letters},
	volume={70},
	number={7},
	pages={978},
	year={1993},
	publisher={APS}
}

@article{yaqub1960,
	title		= {Cooling by adiabatic magnetization of superconductors},
	author		= {Yaqub, M},
	journal		= {Cryogenics},
	volume		= {1},
	number		= {2},
	pages		= {101--107},
	year		= {1960},
	publisher	= {Elsevier}
}



% BOOKS
@book{annett2004,
	address		= {Oxford; New York},
	title		= {Superconductivity, superfluids, and condensates},
	isbn		= {9780198507567},
	abstract	= {Superconductivity, provides a basic introduction to one of the most innovative areas in condensed matter physics today. This book includes ample tutorial material, including illustrations, chapter summaries, graded problem sets, and concise examples.},
	language	= {English},
	publisher	= {Oxford University Press},
	author		= {Annett, James F},
	year		= {2004}
}
@book{bruus2004,
	title		= {Many-body quantum theory in condensed matter physics: an introduction},
	author		= {Bruus, Henrik and Flensberg, Karsten},
	year		= {2004},
	publisher	= {Oxford University Press}
}
@book{buckel1991,
	address		= {Weinheim; New York},
	title		= {Superconductivity: fundamentals and applications},
	isbn		= {3527278931},
	shorttitle	= {Super-conductivity},
	language	= {English},
	publisher	= {{VCH}},
	author		= {Buckel, Werner and {Deutsche Physikalische Gesellschaft}},
	year		= {1991}
}
@book{collins1991,
	address		= {Glasgow},
	title		= {Collins English dictionary},
	isbn		= {0004332881},
	language	= {English},
	publisher	= {{HarperCollins}},
	year		= {1991}
}
@book{fossheim2004,
	address		= {Chichester, West Sussex, England; Hoboken, {NJ}},
	title		= {Superconductivity: physics and applications},
	isbn		= {9780470844526},
	shorttitle	= {Superconductivity},
	language	= {English},
	publisher	= {Wiley},
	author		= {Fossheim, K and Sudbø, Asle},
	year		= {2004}
}
@book{griffiths2005,
	author		= "David J. Griffiths",
	title		= "Introduction to Quantum Mechanics",
	publisher	= "Pearson Education",
	edition		= "2nd",
	year		= "2005"
}
@book{hemmer2000,
	title={Kvantemekanikk Tapir},
	author={Hemmer, PC},
	year={2000},
	publisher={Trondheim}
}
@book{london1950,
	address		= {New York},
	title		= {Superfluids.},
	language	= {English},
	publisher	= {Wiley},
	author		= {London, Fritz},
	year		= {1950}
}
@book{rose-innes1978,
	address		= {Oxford},
	title		= {Introduction to superconductivity},
	isbn		= {9780080216522},
	language	= {English},
	publisher	= {Pergamon Press},
	author		= {Rose-Innes, A. C and Rhoderick, E. H},
	year		= {1978}
}
@book{schroeder2000,
	address		= {San Francisco, {CA}},
	title		= {An introduction to thermal physics},
	isbn		= {9780321277794},
	language	= {English},
	publisher	= {Addison Wesley},
	author		= {Schroeder, Daniel V},
	year		= {2000}
}
@book{tinkham2004,
	address		= {Mineola, {N.Y.}},
	title		= {Introduction to superconductivity},
	isbn		= {9780486435039},
	language	= {English},
	publisher	= {Dover Publications},
	author		= {Tinkham, Michael},
	year		= {2004}
}



% MISCELLANEOUS
@misc{handbook,
	title		= {CRC Handbook of Chemistry and Physics, Internet Version 2005},
	author		= {David R. Lide},
	url			= {http://www.hbcpnetbase.com/}
}
@misc{holmestad2015,
	author		= {Holmestad, R},
	title		= {X-ray diffraction laboratory exercise in TFY4220 Solid State Physics},
	year		= {2015},
	month		= {february}
}
@misc{web:mineral_database,
	author		= {Barthelmy, David},
	title		= {X-ray diffraction table},
	year		= {2014},
	url			= {http://webmineral.com/MySQL/xray.php}
}
@misc{web:wiki_fraunhofer_lines,
	author		= "Verscheidene",
	title		= "Fraunhofer lines",
	month		= "februari",
	year		= "2013",
	url			= {http://en.wikipedia.org/wiki/Fraunhofer_lines}
}
@misc{web:wiki_huygens_fresnel,
	author		= "Verscheidene",
	title		= "Principe van {Huygens-Fresnel}",
	month		= "februari",
	year		= "2013",
	url			= {http://nl.wikipedia.org/wiki/Principe_van_Huygens-Fresnel}
}
@misc{web:wiki_inwendig_product,
	author		= "Verscheidene",
	title		= "Inwendig product",
	month		= "februari",
	year		= "2013",
	url			= {http://nl.wikipedia.org/wiki/Inwendig_product}
}
@misc{web:wiki_thomson_scattering,
	author		= "Verscheidene",
	title		= "Thomson scattering",
	month		= "februari",
	year		= "2013",
	url			= {http://en.wikipedia.org/wiki/Thomson_scattering}
}


% PATENTS
@patent{keefe1987,
	author		= {Keefe, Peter D},
	title		= {Coherent magneto-caloric effect superconductive heat engine process cycle},
	number		= {US 4638194 A},
	type		= {Patent},
	date 		= {1987},
	url			= {http://www.google.co.uk/patents/US4638194}
}


% UNPUBLISHED
@unpublished{nieuwenhuizen12,
	author		= "Allahverdyan, Armen E. and Balian, Roger and Nieuwenhuizen, Theo M.",
	title		= "Understanding quantum measurement from the solution of dynamical models",
	note		= "Submitted to Physics Reports, {A}r{X}iv 1107.2138v2"
}
